@misc{enwiki:pizza,
      author = "Wikipedia",
      title = "Pizza",
      month = "April",
      year = 2012,
      note = "https://en.wikipedia.org/wiki/Pizza"
}

@book{civitello2007cuisine,
  title={Cuisine and Culture: A History of Food and People},
  author={Civitello, L.},
  isbn={9780470096949},
  url={http://books.google.com.br/books?id=MBRBjBTEBHYC},
  year={2007},
  publisher={John Wiley \& Sons}
}

@article{paulo2011agprv,
  author={Paulo Renato Morais Oliveira},
  title={Um Algoritmo Genético Para o Problema Roteamento de Veículos},
  publisher={Faculdade de Tecnologia de São José dos Campos},
  year={2011}
}

@article{marco1999agpa,
  author={Marco Aurélio Cavalcanti Pacheco},
  title={Algoritmos Genéticos: Princípios e Aplicações},
  publisher={ICA: Laboratório de Inteligência Computacional Aplicada},
  year={1999}
}

@misc{AVPN,
  title={Associazione Verace Pizza Napoletana},
  author={Antonio Pace},
  url={http://www.pizzanapoletana.org/shownaz\_eng.php?n=Brasile},
  year={2010},
  publisher={John Wiley \& Sons}
}

@misc{SPPizza,
  title={Dados da cidade de São Paulo },
  author={São Paulo},
  url={http://www.cidadedesaopaulo.com/sp/br/sao-paulo-em-numeros},
  year={2012},
  publisher={São Paulo Turismo S/A}
}

@misc{Sabor,
  title={A Matter of Taste: How We Taste What We Taste},
  author={Ghazali},
  url={http://scienceray.com/biology/human-biology/a-matter-of-taste-how-we-taste-what-we-taste/},
  year={2009},
  publisher={Scienceray}
}

@misc{Bistromatic,
  title={The Bistromatic Drive},
  author={Douglas Adams},
  url={http://www.fortunecity.co.uk/meltingpot/back/340/story/bistro.html},
  year={1979},
  publisher={Scienceray}
}





